@inproceedings{vrandevcic06,
  title={Unit tests for ontologies},
  author={Vrande{\v{c}}i{\'c}, Denny and Gangemi, Aldo},
  booktitle={On the Move to Meaningful Internet Systems 2006: OTM 2006 Workshops},
  pages={1012--1020},
  year={2006},
  organization={Springer}
}
